@inbook{Abiteboul:1995:FDL:551350,
    editor = {Abiteboul, Serge and Hull, Richard and Vianu, Victor},
    title = {Foundations of Databases: The Logical Level},
    year = {1995},
    isbn = {0201537710},
    edition = {1st},
    url = {http://webdam.inria.fr/Alice/},
    publisher = {Addison-Wesley Longman Publishing Co., Inc.},
    address = {Boston, MA, USA},
    chapter = {5},
}

@book{Jackson:2012:SAL:2141100,
    author = {Jackson, Daniel},
    title = {Software Abstractions: Logic, Language, and Analysis},
    year = {2012},
    isbn = {0262017156, 9780262017152},
    publisher = {The MIT Press},
}

@inproceedings{Cunha:2009:MAS:1685167.1685438,
    author = {Cunha, Alcino and Pacheco, Hugo},
    title = {Mapping Between Alloy Specifications and Database Implementations},
    booktitle = {Proceedings of the 2009 Seventh IEEE International Conference on Software Engineering and Formal Methods},
    series = {SEFM '09},
    year = {2009},
    isbn = {978-0-7695-3870-9},
    pages = {285--294},
    numpages = {10},
    url = {https://doi.org/10.1109/SEFM.2009.27},
    doi = {10.1109/SEFM.2009.27},
    acmid = {1685438},
    publisher = {IEEE Computer Society},
    address = {Washington, DC, USA},
    keywords = {Alloy, relational model, data modelling, database-intensive application, Object-Relational Mapping},
}

@inproceedings{Wang:2006:VOD:1129030.1129454,
    author = {Wang, Lin and Dobbie, Gillian and Sun, Jing and Groves, Lindsay},
    title = {Validating ORA-SS Data Models Using Alloy},
    booktitle = {Proceedings of the Australian Software Engineering Conference},
    series = {ASWEC '06},
    year = {2006},
    isbn = {0-7695-2551-2},
    pages = {231--242},
    numpages = {12},
    url = {http://dx.doi.org/10.1109/ASWEC.2006.54},
    doi = {10.1109/ASWEC.2006.54},
    acmid = {1129454},
    publisher = {IEEE Computer Society},
    address = {Washington, DC, USA},
    keywords = {Semistructured data, ORA-SS, Modeling language semantics, Formal verification and validation.},
}

@article{Fagin:1982:HCD:322344.322347,
    author = {Fagin, Ronald},
    title = {Horn Clauses and Database Dependencies},
    journal = {J. ACM},
    issue_date = {Oct. 1982},
    volume = {29},
    number = {4},
    month = oct,
    year = {1982},
    issn = {0004-5411},
    pages = {952--985},
    numpages = {34},
    url = {http://doi.acm.org/10.1145/322344.322347},
    doi = {10.1145/322344.322347},
    acmid = {322347},
    publisher = {ACM},
    address = {New York, NY, USA},
}

@book{Ullman:1983:PDS:538906,
    author = {Ullman, Jeffrey D.},
    title = {Principles of Database Systems},
    year = {1983},
    isbn = {0716780690},
    edition = {2nd},
    publisher = {W. H. Freeman \& Co.},
    address = {New York, NY, USA},
}

@inbook{Ullman:1988:PDK:42790,
    author = {Ullman, Jeffrey D.},
    title = {Principles of Database and Knowledge-base Systems, Vol. I},
    year = {1988},
    page = {139},
    isbn = {0-88175-188-X},
    publisher = {Computer Science Press, Inc.},
    address = {New York, NY, USA},
}

@book{codd1972relational,
  title={Relational completeness of data base sublanguages},
  author={Codd, Edgar F},
  year={1972},
  publisher={IBM Corporation}
}

@techreport{Abiteboul:1988:inria-00075707,
    title = {{On the power of languages for the manipulation of complex objects}},
    author = {Abiteboul, Serge and Beeri, Catriel},
    url = {https://hal.inria.fr/inria-00075707},
    type = {Research Report},
    number = {RR-0846},
    institution = {{INRIA}},
    year = {1988},
    pdf = {https://hal.inria.fr/inria-00075707/file/RR-0846.pdf},
    hal_id = {inria-00075707},
    hal_version = {v1},
}

@inproceedings{Nijjar:2011:BVR:2001420.2001429,
    author = {Nijjar, Jaideep and Bultan, Tevfik},
    title = {Bounded Verification of Ruby on Rails Data Models},
    booktitle = {Proceedings of the 2011 International Symposium on Software Testing and Analysis},
    series = {ISSTA '11},
    year = {2011},
    isbn = {978-1-4503-0562-4},
    location = {Toronto, Ontario, Canada},
    pages = {67--77},
    numpages = {11},
    url = {http://doi.acm.org/10.1145/2001420.2001429},
    doi = {10.1145/2001420.2001429},
    acmid = {2001429},
    publisher = {ACM},
    address = {New York, NY, USA},
    keywords = {MVC frameworks, automated verification, bounded verification, data model, web application modeling and analysis},
}

@article{Nijjar:2015:DMP:2820114.2699691,
    author = {Nijjar, Jaideep and Boci\'{c}, Ivan and Bultan, Tevfik},
    title = {Data Model Property Inference, Verification, and Repair for Web Applications},
    journal = {ACM Trans. Softw. Eng. Methodol.},
    issue_date = {August 2015},
    volume = {24},
    number = {4},
    month = sep,
    year = {2015},
    issn = {1049-331X},
    pages = {25:1--25:27},
    articleno = {25},
    numpages = {27},
    url = {http://doi.acm.org/10.1145/2699691},
    doi = {10.1145/2699691},
    acmid = {2699691},
    publisher = {ACM},
    address = {New York, NY, USA},
    keywords = {Data models, Web applications, automated repair, automated verification},
}
